<record><leader>00000cas a2200000 a 4500</leader><controlfield tag="001">32697437</controlfield><controlfield tag="007">hd bfu---baat</controlfield><controlfield tag="007">hd afu---bact</controlfield><controlfield tag="008">950623d19121955nbuwr nea     0    0eng d</controlfield><datafield ind1=" " ind2=" " tag="010"><subfield code="a">sn 95069962 </subfield></datafield><datafield ind1=" " ind2=" " tag="040"><subfield code="a">NVG</subfield><subfield code="b">eng</subfield><subfield code="c">NVG</subfield><subfield code="d">OCL</subfield><subfield code="d">OCLCQ</subfield><subfield code="d">OCLCF</subfield><subfield code="d">OCLCO</subfield></datafield><datafield ind1="1" ind2=" " tag="029"><subfield code="a">AU@</subfield><subfield code="b">000011782994</subfield></datafield><datafield ind1=" " ind2=" " tag="042"><subfield code="a">msc</subfield></datafield><datafield ind1=" " ind2=" " tag="043"><subfield code="a">n-us-nb</subfield></datafield><datafield ind1="0" ind2=" " tag="130"><subfield code="a">Utica sun (Utica, Neb. : 1912)</subfield></datafield><datafield ind1="1" ind2="4" tag="245"><subfield code="a">The Utica sun</subfield><subfield code="h">[microform].</subfield></datafield><datafield ind1="1" ind2=" " tag="246"><subfield code="i">Publisher's box title:</subfield><subfield code="a">Utica weekly sun</subfield><subfield code="f">Jan. 4-Apr. 11, 1912</subfield></datafield><datafield ind1=" " ind2=" " tag="260"><subfield code="a">Utica, Seward County, Neb. :</subfield><subfield code="b">Dana R. Mutz,</subfield><subfield code="c">1912-1955.</subfield></datafield><datafield ind1=" " ind2=" " tag="300"><subfield code="a">45 v.</subfield></datafield><datafield ind1=" " ind2=" " tag="310"><subfield code="a">Weekly</subfield></datafield><datafield ind1="0" ind2=" " tag="362"><subfield code="a">Vol. 25, no. 10 (Jan. 4, 1912)-v. 69, no. 44 (Nov. 3, 1955).</subfield></datafield><datafield ind1=" " ind2=" " tag="580"><subfield code="a">Merged with: Seward independent (Seward, Neb. : 1934), to form: Seward County independent (Seward, Neb. : 1955).</subfield></datafield><datafield ind1=" " ind2=" " tag="533"><subfield code="a">Microfilm.</subfield><subfield code="m">1912-1919,1921-1923,1925-1955:[Gaps]</subfield><subfield code="b">Lincoln, Neb. :</subfield><subfield code="c">Nebraska State Historical Society,</subfield><subfield code="d">[1965]-1971.</subfield><subfield code="e">13 microfilm reels ; 35 mm.</subfield></datafield><datafield ind1=" " ind2="0" tag="651"><subfield code="a">Utica (Neb.)</subfield><subfield code="v">Newspapers.</subfield></datafield><datafield ind1=" " ind2="7" tag="655"><subfield code="a">Newspapers.</subfield><subfield code="2">fast</subfield><subfield code="0">(OCoLC)fst01423814</subfield></datafield><datafield ind1=" " ind2="7" tag="651"><subfield code="a">Nebraska</subfield><subfield code="z">Utica.</subfield><subfield code="2">fast</subfield><subfield code="0">(OCoLC)fst01276196</subfield></datafield><datafield ind1=" " ind2=" " tag="752"><subfield code="a">United States</subfield><subfield code="b">Nebraska</subfield><subfield code="c">Seward</subfield><subfield code="d">Utica.</subfield></datafield><datafield ind1="0" ind2="0" tag="780"><subfield code="t">Utica weekly sun</subfield><subfield code="w">(DLC)sn 95069963</subfield></datafield><datafield ind1="1" ind2="7" tag="785"><subfield code="t">Seward independent (Seward, Neb. : 1934)</subfield><subfield code="w">(DLC)sn 95069960</subfield></datafield><datafield ind1="1" ind2="7" tag="785"><subfield code="t">Seward County independent (Seward, Neb. : 1955)</subfield><subfield code="w">(DLC)sn 95069961</subfield></datafield></record>